<record xmlns="http://www.loc.gov/MARC21/slim" xmlns:xsi="http://www.w3.org/2001/XMLSchema-instance" xsi:schemaLocation="http://www.loc.gov/MARC21/slim http://www.loc.gov/standards/marcxml/schema/MARC21slim.xsd"><leader>01151cz   2200229n  4500</leader><controlfield tag="001">oca03858449 </controlfield><controlfield tag="005">20001103070337.0</controlfield><controlfield tag="008">950614n| acannaabn          |a aaa     c</controlfield><datafield ind1=" " ind2=" " tag="010"><subfield code="a">nr 95022108 </subfield></datafield><datafield ind1=" " ind2=" " tag="040"><subfield code="a">NNC</subfield><subfield code="b">eng</subfield><subfield code="c">NNC</subfield><subfield code="d">OCoLC</subfield></datafield><datafield ind1="1" ind2=" " tag="100"><subfield code="a">Laurea, Tullius,</subfield><subfield code="d">1st cent. B.C.</subfield></datafield><datafield ind1="1" ind2=" " tag="400"><subfield code="a">Laurea, Marcus Tullius,</subfield><subfield code="d">1st cent. B.C.</subfield></datafield><datafield ind1="0" ind2=" " tag="400"><subfield code="a">Tullius Laurea,</subfield><subfield code="d">1st cent. B.C.</subfield></datafield><datafield ind1="1" ind2=" " tag="400"><subfield code="a">Tullius Laurea, Marcus,</subfield><subfield code="d">1st cent. B.C.</subfield></datafield><datafield ind1="0" ind2=" " tag="400"><subfield code="a">Marcus Tullius Laurea,</subfield><subfield code="d">1st cent. B.C.</subfield></datafield><datafield ind1="1" ind2=" " tag="400"><subfield code="a">Laurea, M. Tullius</subfield><subfield code="q">(Marcus Tullius),</subfield><subfield code="d">1st cent. B.C.</subfield></datafield><datafield ind1="1" ind2=" " tag="400"><subfield code="a">Tullius Laurea, M.</subfield><subfield code="q">(Marcus),</subfield><subfield code="d">1st cent. B.C.</subfield></datafield><datafield ind1=" " ind2=" " tag="670"><subfield code="a">Epigramma in Ciceronis obitum [CF] 1991:</subfield><subfield code="b">PHI CD ROM #5.3, Latin Canon, bibliographic screen (Tullius Laurea)</subfield></datafield><datafield ind1=" " ind2=" " tag="670"><subfield code="a">Oxford class. dict., 1st ed.:</subfield><subfield code="b">p. 484 (Laurea, Marcus Tullius; one of Cicero's freedmen)</subfield></datafield><datafield ind1=" " ind2=" " tag="670"><subfield code="a">Pauly-Wissowa:</subfield><subfield code="b">2. Reihe, Bd. 7, c. 1314; "Tullius", #40 (Tullius Laurea, certainly bore the forename M[arcus], as he was a freedmen of Cicero's)</subfield></datafield><datafield ind1=" " ind2=" " tag="670"><subfield code="a">NUC pre-56:</subfield><subfield code="b">v. 318, p. 356 (Laurea, Marcus Tullius, B.C. 1 cent.)</subfield></datafield><datafield ind1=" " ind2=" " tag="670"><subfield code="a">The Fragmentary Latin poets, 1993:</subfield><subfield code="b">182-183 (M. Tullius Laurea)</subfield></datafield></record>